%% This BibTeX bibliography file was created using BibDesk.
%% http://bibdesk.sourceforge.net/


%% Created for Sandra Kuebler at 2014-09-28 20:13:17 -0400 


%% Saved with string encoding Unicode (UTF-8) 



@inproceedings{levenshtein:66,
	Author = {Levenshtein, Vladimir I},
	Booktitle = {Soviet Physics Doklady},
	Pages = {707},
	Title = {Binary Codes Capable of Correcting Deletions, Insertions and Reversals},
	Volume = {10},
	Year = {1966}}

@article{hirschberg:75,
	Acmid = {360861},
	Address = {New York, NY, USA},
	Author = {Hirschberg, D. S.},
	Doi = {10.1145/360825.360861},
	Issn = {0001-0782},
	Issue_Date = {June 1975},
	Journal = {Commun. ACM},
	Keywords = {editing, longest common sequence, string correction, subsequence},
	Month = jun,
	Number = {6},
	Numpages = {3},
	Pages = {341--343},
	Publisher = {ACM},
	Title = {A Linear Space Algorithm for Computing Maximal Common Subsequences},
	Url = {http://doi.acm.org/10.1145/360825.360861},
	Volume = {18},
	Year = {1975},
	Bdsk-Url-1 = {http://doi.acm.org/10.1145/360825.360861},
	Bdsk-Url-2 = {http://dx.doi.org/10.1145/360825.360861}}

@unpublished{rudnick:12,
	Author = {Rudnick, Alex},
	Date-Added = {2014-09-27 14:01:50 +0000},
	Date-Modified = {2014-09-27 14:01:50 +0000},
	Note = {\url{http://arxiv.org/abs/1203.6136}},
	Title = {Tree Transducers, Machine Translation, and Cross-Language Divergences},
	Year = {2012}}

@inproceedings{dornescu:evans:ea:13,
	Address = {Hissar, Bulgaria},
	Author = {Dornescu, Iustin and Evans, Richard and Ora\v{s}an, Constantin},
	Booktitle = {Proceedings of the International Conference Recent Advances in Natural Language Processing (RANLP)},
	Date-Added = {2014-09-27 13:55:42 +0000},
	Date-Modified = {2014-09-27 13:55:42 +0000},
	Pages = {221--229},
	Title = {A Tagging Approach to Identify Complex Constituents for Text Simplification},
	Year = {2013}}

@unpublished{sauri:littman:ea:06,
	Author = {Roser Saur\'{\i} and Jessica Littman and Bob Knippen and Robert Gaizauskas and Andrea Setzer and James Pustejovsky},
	Date-Added = {2014-09-27 13:51:18 +0000},
	Date-Modified = {2014-09-27 13:51:18 +0000},
	Note = {\url{http://www.timeml.org/site/publications/specs.html}},
	Title = {{TimeML} Annotation Guidelines},
	Year = {2006}}

@inproceedings{siddhartan:02,
	Address = {Hyderabad, India},
	Author = {Advaith Siddhartan},
	Booktitle = {Proceedings of the Language Engineering Conference 2002 (LEC 2002)},
	Date-Added = {2014-09-25 21:38:15 +0000},
	Date-Modified = {2014-09-29 00:13:17 +0000},
	Keywords = {sentence simplification},
	Pages = {64--71},
	Title = {An Architecture for a Text Simplification System},
	Year = 2002}

@inproceedings{inui:fujitsa:ea:03,
	Address = {Sapporo, Japan},
	Author = {Inui, Kentaro and Fujita, Atsushi and Takahashi, Tetsuro and Iida, Ryu and Iwakura, Tomoya},
	Booktitle = {Proceedings of The Second International Workshop on Paraphrasing: Paraphrase Acquisition and Applications},
	Date-Added = {2014-09-25 21:38:03 +0000},
	Date-Modified = {2014-09-25 21:38:03 +0000},
	Keywords = {sentence simplification},
	Organization = {ACL},
	Title = {Text Simplification for Reading Assistance: A Project Note},
	Year = 2003}

@inproceedings{carroll:minnen:ea:99.2,
	Address = {Bergen, Norway},
	Author = {John Carroll and Guido Minnen and Darren Pearce and Yvonne Canning and Siobhan Devlin and John Tait},
	Booktitle = {Proceedings of the 9th Conference of the European Chapter of the Association for Computational Linguistics (EACL)},
	Date-Added = {2014-09-25 21:37:51 +0000},
	Date-Modified = {2014-09-25 21:37:51 +0000},
	Keywords = {sentence simplification, English},
	Title = {Simplifying {English} Text for Language Impaired Readers},
	Year = 1999}

@article{marcus:santorini:ea:93,
	Author = {Mitchell Marcus and Beatrice Santorini and Mary Ann Marcin\-kiewicz},
	Date-Added = {2014-09-25 20:44:22 +0000},
	Date-Modified = {2014-09-25 20:44:22 +0000},
	Journal = {Computational Linguistics},
	Keywords = {treebank, English},
	Number = 2,
	Pages = {313--330},
	Title = {Building a Large Annotated Corpus of {English}: The {Penn Treebank}},
	Volume = 19,
	Year = 1993}

@inproceedings{och:ney:00,
	Address = {Hong Kong},
	Author = {Franz Josef Och and Hermann Ney},
	Booktitle = {Proceedings of the 38th Annual Meeting of the Association for Computational Linguistics (ACL)},
	Date-Added = {2014-09-25 20:35:15 +0000},
	Date-Modified = {2014-09-25 20:35:15 +0000},
	Keywords = {word alignment},
	Pages = {440--447},
	Title = {Improved Statistical Alignment Models},
	Year = {2000}}

@inproceedings{graham:rimland:11,
	Address = {Chicago, IL},
	Author = {Graham, Jacob and Rimland, Jeffrey and Hall, David},
	Booktitle = {Proceeding 14th International Conference on Information Fusion},
	Date-Added = {2014-09-25 20:26:08 +0000},
	Date-Modified = {2014-09-25 20:28:54 +0000},
	Title = {A {COIN}-Inspired Synthetic Dataset for Qualitative Evaluation of Hard and Soft Fusion Systems},
	Year = {2011}}
